@book{slack,
	Author = {Nigel Slack},
	Title = {Administração da Produção},
	Publisher = {Atlas},
	Address = {São Paulo, SP},
	Year = 2009
}

@book{costa,
	Author = {Jaciane Cristina Costa},
	Title = {A gestão da cadeia de suprimentos: teoria e prática},
	Publisher = {XXV ENEGEP},
	Address = {Porto Alegre, RS},
	Year = 2005
}

@misc{razzolini,
	Author = {Edelvino Razzolini Filho},
	Title = {Logística empresarial e cadeias de suprimentos},
	Adress = {Curitiba, Paraná},
	Year = 2009
}

@misc{fluid,
	Author = {Fluid Software},
	Title = {Tools Fluid UI},
	Url = {https://www.fluidui.com},
	Year = 2014
}

@misc{ergoList,
	Author = {Laboratório de utilizabilidade - UFSC},
	Title = {ErgoList},
	Url = {https://www.fluidui.com},
	Year = 2011
}

@misc{sumi,
	Author = {Dr Jurek Kirakowski},
	Title = {SUMI - Software Usability Measurement Inventory},
	Url = {https://sumi.ucc.ie/},
	Year = 2014
}